<record><leader>00000cas a22000007a 4500</leader><controlfield tag="001">9329238</controlfield><controlfield tag="008">830321d18341848mauwr ne      0    0eng d</controlfield><datafield ind1=" " ind2=" " tag="010"><subfield code="a">sn 83020369 </subfield></datafield><datafield ind1=" " ind2=" " tag="040"><subfield code="a">NPX</subfield><subfield code="b">eng</subfield><subfield code="c">NPX</subfield><subfield code="d">NPU</subfield><subfield code="d">MGN</subfield><subfield code="d">CNW</subfield><subfield code="d">OCL</subfield><subfield code="d">WIH</subfield><subfield code="d">OCLCQ</subfield><subfield code="d">OCLCF</subfield></datafield><datafield ind1=" " ind2=" " tag="042"><subfield code="a">msc</subfield></datafield><datafield ind1=" " ind2=" " tag="043"><subfield code="a">n-us-ma</subfield></datafield><datafield ind1="0" ind2=" " tag="130"><subfield code="a">Concord freeman (Concord, Mass. : 1834)</subfield></datafield><datafield ind1="1" ind2="0" tag="245"><subfield code="a">Concord freeman.</subfield></datafield><datafield ind1=" " ind2=" " tag="260"><subfield code="a">Concord, Mass. :</subfield><subfield code="b">Herman Atwill</subfield></datafield><datafield ind1=" " ind2=" " tag="300"><subfield code="a">v. ;</subfield><subfield code="c">58 cm.</subfield></datafield><datafield ind1=" " ind2=" " tag="310"><subfield code="a">Weekly</subfield></datafield><datafield ind1="1" ind2=" " tag="362"><subfield code="a">Began Dec. 11, 1834; ceased in 1848.</subfield></datafield><datafield ind1=" " ind2=" " tag="500"><subfield code="a">Antimasonic Republican, 1835; Democratic, 1835-1847.</subfield></datafield><datafield ind1=" " ind2=" " tag="500"><subfield code="a">Publishers: F.R. Gourgas, &lt;1835-1838&gt;; Thomas S. Whiting, &lt;1839&gt;; F.R. Gourgas, &lt;1841-1843&gt;; Hazewell &amp; Simonds, &lt;1843&gt;; C.C. Hazewell, &lt;1844-1845&gt;; Henry S. Warren, &lt;1845-1847&gt;.</subfield></datafield><datafield ind1=" " ind2=" " tag="500"><subfield code="a">Editors: H. Atwill, &lt;1835&gt;; F.R. Gourgas, &lt;1835-1838&gt;; C.C. Hazewell, &lt;1843-1845&gt;.</subfield></datafield><datafield ind1=" " ind2=" " tag="588"><subfield code="a">Description based on: Vol. 1, no. 14 (Mar. 14, 1835).</subfield></datafield><datafield ind1=" " ind2="0" tag="651"><subfield code="a">Concord (Mass.)</subfield><subfield code="v">Newspapers.</subfield></datafield><datafield ind1=" " ind2="7" tag="655"><subfield code="a">Newspapers.</subfield><subfield code="2">fast</subfield><subfield code="0">(OCoLC)fst01423814</subfield></datafield><datafield ind1=" " ind2="7" tag="651"><subfield code="a">Massachusetts</subfield><subfield code="z">Concord.</subfield><subfield code="2">fast</subfield><subfield code="0">(OCoLC)fst01204990</subfield></datafield><datafield ind1="1" ind2=" " tag="700"><subfield code="a">Atwill, Herman.</subfield></datafield><datafield ind1="1" ind2=" " tag="700"><subfield code="a">Gourgas, Francis Richard.</subfield></datafield><datafield ind1="1" ind2=" " tag="700"><subfield code="a">Hazewell, Charles Creighton,</subfield><subfield code="d">1814-1883.</subfield></datafield><datafield ind1=" " ind2=" " tag="752"><subfield code="a">United States</subfield><subfield code="b">Massachusetts</subfield><subfield code="c">Middlesex</subfield><subfield code="d">Concord.</subfield></datafield><datafield ind1="0" ind2="0" tag="785"><subfield code="t">Middlesex freeman</subfield><subfield code="w">(DLC)sn 83020370</subfield></datafield></record>